<record><leader>00000cas a2200000Ma 4500</leader><controlfield tag="001">11105336</controlfield><controlfield tag="008">840830d187u187uinumr ne      0    0eng d</controlfield><datafield ind1=" " ind2=" " tag="010"><subfield code="a">sn 84023978 </subfield></datafield><datafield ind1=" " ind2=" " tag="040"><subfield code="a">AQM</subfield><subfield code="b">eng</subfield><subfield code="c">AQM</subfield><subfield code="d">OCLCQ</subfield></datafield><datafield ind1="0" ind2=" " tag="130"><subfield code="a">Vanguard (Kokomo, Ind.)</subfield></datafield><datafield ind1="1" ind2="4" tag="245"><subfield code="a">The vanguard.</subfield></datafield><datafield ind1=" " ind2=" " tag="260"><subfield code="a">Kokomo, Ind. :</subfield><subfield code="b">L. Prater</subfield></datafield><datafield ind1=" " ind2=" " tag="300"><subfield code="a">v.</subfield></datafield><datafield ind1=" " ind2=" " tag="310"><subfield code="a">Monthly</subfield></datafield><datafield ind1=" " ind2=" " tag="588"><subfield code="a">Description based on: Vol. 1, no. 3 (Aug. 1876).</subfield></datafield><datafield ind1=" " ind2="7" tag="655"><subfield code="a">Newspapers.</subfield><subfield code="2">rbgenr</subfield></datafield><datafield ind1=" " ind2=" " tag="752"><subfield code="a">United States</subfield><subfield code="b">Indiana</subfield><subfield code="c">Howard</subfield><subfield code="d">Kokomo.</subfield></datafield></record>